@inproceedings{liu2015faceattributes,
 author = {Ziwei Liu, Ping Luo, Xiaogang Wang, and Xiaoou Tang},
 title = {Deep Learning Face Attributes in the Wild},
 booktitle = {Proceedings of International Conference on Computer Vision (ICCV)},
 month = December,
 year = {2015} 
}

@misc{website,
   title = "CelebA Website",
   year = "2016",
   url = "http://mmlab.ie.cuhk.edu.hk/projects/CelebA.html"
 }

